<record><leader>00000cas a2200000 a 4500</leader><controlfield tag="001">31225005</controlfield><controlfield tag="008">941005d19uu19uucaucr ne      0    0eng c</controlfield><datafield ind1=" " ind2=" " tag="010"><subfield code="a">sn2012271136</subfield></datafield><datafield ind1=" " ind2=" " tag="040"><subfield code="a">JRS</subfield><subfield code="b">eng</subfield><subfield code="c">JRS</subfield><subfield code="d">OCLCQ</subfield><subfield code="d">OCLCO</subfield><subfield code="d">CNK</subfield></datafield><datafield ind1=" " ind2=" " tag="042"><subfield code="a">pcc</subfield></datafield><datafield ind1="0" ind2="0" tag="245"><subfield code="a">Sacramento legal press.</subfield></datafield><datafield ind1=" " ind2=" " tag="260"><subfield code="a">Sacramento, CA :</subfield><subfield code="b">Fidelity Title Insurance Co.</subfield></datafield><datafield ind1=" " ind2=" " tag="300"><subfield code="a">v.</subfield></datafield><datafield ind1=" " ind2=" " tag="310"><subfield code="a">Semiweekly</subfield></datafield><datafield ind1=" " ind2=" " tag="321"><subfield code="a">Weekly</subfield></datafield><datafield ind1=" " ind2=" " tag="588"><subfield code="a">Description based on: Vol. 16, no. 51 (Jan. 5, 1945).</subfield></datafield><datafield ind1=" " ind2=" " tag="588"><subfield code="a">Latest issue consulted: Vol. 43, no. 17 (Feb. 28, 1972).</subfield></datafield><datafield ind1=" " ind2=" " tag="530"><subfield code="a">Master negatives are available for duplication from:</subfield><subfield code="b">California Newspaper Microfilm Archive;</subfield><subfield code="c">for further information consult the CNMA at:</subfield><subfield code="u">http://cbsr.ucr.edu.</subfield></datafield><datafield ind1=" " ind2="0" tag="650"><subfield code="a">Periodicals</subfield><subfield code="x">Sacramento Public Library.</subfield></datafield><datafield ind1=" " ind2="4" tag="651"><subfield code="a">Sacramento (Calif.)</subfield><subfield code="v">Newspapers.</subfield></datafield><datafield ind1=" " ind2=" " tag="752"><subfield code="a">United States</subfield><subfield code="b">California</subfield><subfield code="c">Sacramento</subfield><subfield code="d">Sacramento.</subfield></datafield></record>